<?xml version="1.0" encoding="UTF-8"?><collection xmlns="http://www.loc.gov/MARC21/slim"><record><leader>00426nam--2200133-i-4500</leader><controlfield tag="001">000018430</controlfield><controlfield tag="002">20161230</controlfield><controlfield tag="005">20161230201032</controlfield><controlfield tag="008">060222s1000------------r-----000-0-eng-d</controlfield><datafield ind1=" " ind2=" " tag="100"><subfield code="a">Fagot, J., Magne, Ph</subfield></datafield><datafield ind1=" " ind2=" " tag="245"><subfield code="a">Frequency modulation theory.application to microwave links</subfield></datafield><datafield ind1=" " ind2=" " tag="260"><subfield code="a">London, Pergamon Press, 1961.  Xi + 488 P</subfield></datafield><datafield ind1=" " ind2=" " tag="490"><subfield code="a">International Series Of Monograph On Electronics And Instrumentation</subfield></datafield><datafield ind1=" " ind2=" " tag="852"><subfield code="a">16571</subfield></datafield></record></collection>